@book{gemignani,
	author = "Luca Gemignani",
	title = "Lezioni di Calcolo Numerico",
}

@book{bevilacqua,
	author="Roberto Bevilacqua, Ornella Menchi",
	title="Appunti di Calcolo Numerico",
}

@online{sor,
	author = "David M. Strong",
	title = "Iterative Methods for Solving Ax = b - The SOR Method",
	url = "https://www.maa.org/press/periodicals/loci/joma/iterative-methods-for-solving-iaxi-ibi-the-sor-method",
	month = "7",
	year = "2015",
	note = "Accessed on 01-03-2020"
}

@online{sparse,
	author = "Wikipedia",
	title = "Sparse Matrix",
	url = "https://en.wikipedia.org/wiki/Sparse_matrix",
	month = "3",
	year = "2020",
	note = "Accessed on 04-03-2020"
}

@online{jacobi,
	author = "LetMeThink",
	title = "Jacobi Method",
	url = "https://letmethink.mx/posts/jacobi-method/",
	note = "Accessed on 15-02-2020"
}

@online{csr,
	author = "Sayan Mahapatra",
	title = "Sparse Matrix Representations",
	url = "https://www.geeksforgeeks.org/sparse-matrix-representations-set-3-csr/",
	note = "Accessed on 02-03-2020"
}

@online{sorr,
	author = "Noel Black, Shirley Moore",
	title = "Successive Overrelaxation Method",
	from = "MathWorld--A Wolfram Web Resource",
	url = "https://mathworld.wolfram.com/SuccessiveOverrelaxationMethod.html",
	note = "Created by Eric W. Weisstein. Accessed on 21-04-2020"
}
